@Misc{CHINOSAUR:venue,
  author =       {@\_CHINOSAUR},
  key =          {_CHINOSAUR},
  howpublished = {Tweet},
  title =        {VENUE IS TOO COLD. \#BINGO \#CHI2016},
  month =        {May},
  day =          1,
  year =         2015,
  note =         {Retrieved Febuary 2, 2014 from
                  \url{https://twitter.com/_CHINOSAUR/status/461864317415989248}},
  annote =       {Tweet}
}

@inproceedings{Klemmer:2002:WSC:503376.503378,
  author =       {Klemmer, Scott R. and Thomsen, Michael and
                  Phelps-Goodman, Ethan and Lee, Robert and Landay,
                  James A.},
  title =        {Where Do Web Sites Come from?: Capturing and
                  Interacting with Design History},
  booktitle =    {Proceedings of the SIGCHI Conference on Human
                  Factors in Computing Systems},
  series =       {CHI '02},
  year =         2002,
  isbn =         {1-58113-453-3},
  location =     {Minneapolis, Minnesota, USA},
  pages =        {1--8},
  numpages =     8,
  url =          {http://doi.acm.org/10.1145/503376.503378},
  doi =          {10.1145/503376.503378},
  acmid =        503378,
  publisher =    {ACM},
  address =      {New York, NY, USA},
  keywords =     {CSCW, activity capture, design rationale, history
                  management, informal interfaces, sketching, tangible
                  UI, web design},
}

@inproceedings{Mather:2000:MUT,
  title =        {Making up titles for conference papers},
  author =       {Mather, B. D.},
  booktitle =    {Ext. Abstracts CHI 2000},
  year =         2000,
  publisher =    "ACM Press",
  pages =        "1-2",
}

@book{Schwartz:1995:GBF,
  title =        {Guidelines for Bias-Free Writing},
  author =       {Marilyn Schwartz},
  address =      {Bloomington, IN, USA},
  year =         1995,
  publisher =    {ERIC}
}

@inproceedings{Zellweger:2001:FAO:504216.504224,
  author =       {Zellweger, Polle T. and Bouvin, Niels Olof and
                  Jeh{\o}j, Henning and Mackinlay, Jock D.},
  title =        {Fluid annotations in an open world},
  booktitle =    {Proc. Hypertext 2001},
  year =         2001,
  pages =        {9--18},
  publisher =    {ACM Press},
}

@misc{acm_categories,
  key =          "ACM",
  author =       {ACM},
  title =        {How to Classify Works Using ACM's Computing
                  Classification System},
  year =         1998,
  note =         {\url{http://www.acm.org/class/how_to_use.html}},
}

@Misc{cavender:writing,
  author =       {Anna Cavender and Shari Trewin and Vicki Hanson},
  title =        {Accessible Writing Guide},
  year =         2014,
  day =          22,
  note =
                  {\url{http://www.sigaccess.org/welcome-to-sigaccess/resources/accessible-writing-guide/}},
  annote =       {URL}
}

@article{ethics,
  title =        {{Social Impacts of Computing: Codes of Professional
                  Ethics}},
  author =       {Ronald E. Anderson},
  doi =          "10.1177/089443939201000402",
  journal =      "Social Science Computer Review December",
  year =         1992,
  volume =       10,
  number =       4,
  pages =        "453-469"
}

@Misc{heilig:sensorama,
  author =       {Morton L. Heilig},
  title =        {Sensorama Simulator},
  howpublished = {U.S. Patent 3,050,870},
  month =        {August},
  day =          28,
  year =         1962,
  note =         {Filed Februrary 22, 1962.},
  annote =       {is this right?}
},

@article{kaye:puc,
  year =         2014,
  issn =         {1617-4909},
  journal =      {Personal and Ubiquitous Computing},
  volume =       18,
  number =       4,
  doi =          {10.1007/s00779-014-0773-4},
  title =        {Special issue on science fiction and ubiquitous
                  computing},
  url =          {http://dx.doi.org/10.1007/s00779-014-0773-4},
  publisher =    {Springer London},
  author =       {Kaye, Jofish and Dourish, Paul},
  pages =        {765-766},
  language =     {English}
}

@Misc{psy:gangnam,
  author =       {Psy},
  title =        {Gangnam Style},
  howpublished = {Video},
  month =        {July},
  day =          15,
  year =         2012,
  note =         {Retrieved August 22, 2014 from
                  \url{https://www.youtube.com/watch?v=9bZkp7q19f0}},
  annote =       {Video URL}
}

@PhdThesis{sutherland:sketchpad,
  author =       {Ivan E. Sutherland},
  title =        {Sketchpad, a Man-Machine Graphical Communication
                  System},
  school =       {Massachusetts Institute of Technology},
  year =         1963,
  address =      {Cambridge, MA},
}

@InBook{winner:politics,
  author =       {Langdon Winner},
  title =        {The Social Shaping of Technology},
  chapter =      {Do artifacts have politics?},
  publisher =    {Open University Press},
  year =         1999,
  address =      {UK},
  edition =      {2nd},
  pages =        {28--40},
}

@article{karlsson2005price,
	title={Price as a variable in online consumer trade-offs},
	author={Karlsson, Ted and Kuttainen, Christer and Pitt, Leyland and Spyropoulou, Stavroula},
	journal={Marketing Intelligence \& Planning},
	volume={23},
	number={4},
	pages={350--358},
	year={2005},
	publisher={Emerald Group Publishing Limited}
}

@article{miyazaki2001consumer,
	title={Consumer perceptions of privacy and security risks for online shopping},
	author={Miyazaki, Anthony D and Fernandez, Ana},
	journal={Journal of Consumer affairs},
	volume={35},
	number={1},
	pages={27--44},
	year={2001},
	publisher={Wiley Online Library}
}

@article{bednarz2010perceptions,
	title={Perceptions of retail convenience for in-store and online shoppers},
	author={BEDNARZ, MICHELLE and Ponder, N},
	journal={Marketing Management Journal},
	pages={49},
	year={2010}
}
@inproceedings{stoyanova2015comparison,
	title={Comparison of consumer purchase intention between interactive and Augmented Reality shopping platforms through statistical analyses},
	author={Stoyanova, Jasmina and Brito, Pedro Quelhas and Georgieva, Petia and Milanova, Mariofanna},
	booktitle={Innovations in Intelligent SysTems and Applications (INISTA), 2015 International Symposium on},
	pages={1--8},
	year={2015},
	organization={IEEE}
}
@inproceedings{ceniceros2014augmented,
	title={Augmented Reality for Green Consumption: Using Computer Vision to Inform the Consumers at Time of Purchase},
	author={Ceniceros, Juan Carlos Espinosa and Schaeffer, Satu Elisa and Villarreal, Sara Elena Garza},
	booktitle={Artificial Intelligence (MICAI), 2014 13th Mexican International Conference on},
	pages={45--51},
	year={2014},
	organization={IEEE}
}
@article{zhu2004personalized,
	title={Personalized in-store e-commerce with the promopad: an augmented reality shopping assistant},
	author={Zhu, Wei and Owen, Charles B and Li, Hairong and Lee, Joo-Hyun},
	journal={Electronic Journal for E-commerce Tools and Applications},
	volume={1},
	number={3},
	pages={1--19},
	year={2004},
	publisher={Citeseer}
}
@article{olsson2013expected,
	title={Expected user experience of mobile augmented reality services: a user study in the context of shopping centres},
	author={Olsson, Thomas and Lagerstam, Else and K{\"a}rkk{\"a}inen, Tuula and V{\"a}{\"a}n{\"a}nen-Vainio-Mattila, Kaisa},
	journal={Personal and ubiquitous computing},
	volume={17},
	number={2},
	pages={287--304},
	year={2013},
	publisher={Springer}
}
@inproceedings{spreer2012improving,
	title={Improving the In-Store Customer Information Process using Mobile Augmented Reality},
	author={Spreer, Philipp and Kallweit, Katrin and Gutknecht, Klaus},
	booktitle={Proceedings of the 11th International Conference on Research in Advertising (ICORIA)},
	year={2012}
}
@article{kourouthanassis2007enhancing,
	title={Enhancing user experience through pervasive information systems: The case of pervasive retailing},
	author={Kourouthanassis, Panos E and Giaglis, George M and Vrechopoulos, Adam P},
	journal={International Journal of Information Management},
	volume={27},
	number={5},
	pages={319--335},
	year={2007},
	publisher={Elsevier}
}
@article{santos2016augmented,
	title={Augmented reality as multimedia: the case for situated vocabulary learning},
	author={Santos, Marc Ericson C and Taketomi, Takafumi and Yamamoto, Goshiro and Rodrigo, Ma Mercedes T and Sandor, Christian and Kato, Hirokazu and others},
	journal={Research and Practice in Technology Enhanced Learning},
	volume={11},
	number={1},
	pages={1},
	year={2016},
	publisher={Springer Singapore}
}
@inproceedings{pinhanez2001everywhere,
	title={The everywhere displays projector: A device to create ubiquitous graphical interfaces},
	author={Pinhanez, Claudio},
	booktitle={International Conference on Ubiquitous Computing},
	pages={315--331},
	year={2001},
	organization={Springer}
}
@book{bimber2005spatial,
	title={Spatial augmented reality: merging real and virtual worlds},
	author={Bimber, Oliver and Raskar, Ramesh},
	year={2005},
	publisher={CRC press}
}
@article{esser2016head,
	title={Head-Mounted Displays in German Companies A Virtual, Augmented and Mixed Reality Check},
	author={Esser, Ralf and Oppermann, Leif},
	journal={i-com},
	volume={15},
	number={2},
	pages={211--217},
	year={2016}
}
@article{ahn2015supporting,
	title={Supporting healthy grocery shopping via mobile augmented reality},
	author={Ahn, Junho and Williamson, James and Gartrell, Mike and Han, Richard and Lv, Qin and Mishra, Shivakant},
	journal={ACM Transactions on Multimedia Computing, Communications, and Applications (TOMM)},
	volume={12},
	number={1s},
	pages={16},
	year={2015},
	publisher={ACM}
}
@article{truong2013today,
	title={Todayâ€™s Most Innovative Company: IKEA Uses Augmented Reality to Show How Furniture Fits in a Room},
	author={Truong, A},
	journal={Fast Company},
	volume={26},
	year={2013}
}
@article{esser2016head,
	title={Head-Mounted Displays in German Companies A Virtual, Augmented and Mixed Reality Check},
	author={Esser, Ralf and Oppermann, Leif},
	journal={i-com},
	volume={15},
	number={2},
	pages={211--217},
	year={2016}
}
@inproceedings{benko2014dyadic,
	title={Dyadic projected spatial augmented reality},
	author={Benko, Hrvoje and Wilson, Andrew D and Zannier, Federico},
	booktitle={Proceedings of the 27th annual ACM symposium on User interface software and technology},
	pages={645--655},
	year={2014},
	organization={ACM}
}
@inproceedings{benko2015fovear,
	title={Fovear: Combining an optically see-through near-eye display with projector-based spatial augmented reality},
	author={Benko, Hrvoje and Ofek, Eyal and Zheng, Feng and Wilson, Andrew D},
	booktitle={Proceedings of the 28th Annual ACM Symposium on User Interface Software \& Technology},
	pages={129--135},
	year={2015},
	organization={ACM}
}